@misc{
    SDL,
    author = {Sam Lantinga},
    title = {Simple DirectMedia Layer - Homepage},
    howpublished = {Available at \url{https://www.libsdl.org/} (accessed 26/06/2024)}
}
@misc{
    SDL_TTF,
    author = {Sam Lantinga},
    title = {GitHub - libsdl-org/SDL\_ttf: Support for TrueType (.ttf) font files with Simple Directmedia Layer},
    howpublished = {Available at \url{https://github.com/libsdl-org/SDL_ttf/} (accessed 26/06/2024)}
}

@misc{
    SDL2_gfx,
    author = {Ferzkopp},
    title = {SDL2\_gfx - Graphics primitives and surface functions for SDL2},
    howpublished = {Available at \url{https://www.ferzkopp.net/Software/SDL2\_gfx/Docs/html/index.html} (accessed 26/06/2024)},
    year = {2014}
}
‌
@misc{
    SPACE_MONO,
    author = {Colophon-Foundry},
    title = {Space Mono - Google Fonts},
    howpublished = {Available at \url{https://fonts.google.com/specimen/Space+Mono} (accessed 26/06/2024)},
}

‌@misc{
    Proto,
    title = {Protocol Buffers},
    howpublished = {Available at \url{https://protobuf.dev/} (accessed 26/06/2024)},
}

@misc{
    OpenSSL,
    title = {OpenSSL Foundation, Inc},
    howpublished = {Available at \url{https://www.openssl.org/} (accessed 26/06/2024)},
}
‌@misc{
    GCC,
    title = {GCC, the GNU Compiler Collection - GNU Project},
    howpublished = {Available at \url{https://gcc.gnu.org/} (accessed 26/06/2024)},
}
‌